@article{SBIA2014191,
title = "A contribution of foreign direct investment, clean energy, trade openness, carbon emissions and economic growth to energy demand in UAE",
journal = "Economic Modelling",
volume = "36",
pages = "191 - 197",
year = "2014",
issn = "0264-9993",
doi = "https://doi.org/10.1016/j.econmod.2013.09.047",
url = "http://www.sciencedirect.com/science/article/pii/S0264999313004070",
author = "Rashid Sbia and Muhammad Shahbaz and Helmi Hamdi",}
@article{al2016trade,
  title={Trade openness and economic development in the UAE: an asymmetric approach},
  author={Al-Shayeb, Abdulrahman and Hatemi-J, Abdulnasser},
  journal={Journal of Economic Studies},
  volume={43},
  number={4},
  pages={587--597},
  year={2016},
  publisher={Emerald Group Publishing Limited}}
@article{khalifa2002financial,
  title={Financial development and economic growth: another look at the evidence from developing countries},
  author={Khalifa Al-Yousif, Yousif},
  journal={Review of Financial Economics},
  volume={11},
  number={2},
  pages={131--150},
  year={2002},
  publisher={Wiley Online Library}
}
@article{borensztein1998does,
  title={How does foreign direct investment affect economic growth?},
  author={Borensztein, Eduardo and De Gregorio, Jose and Lee, Jong-Wha},
  journal={Journal of international Economics},
  volume={45},
  number={1},
  pages={115--135},
  year={1998},
  publisher={Elsevier}
}
@article{omaira2001economy,
  title={The Economy of the State of the United Arab Emirates: Achievements and Prospects},
  author={Omaira, Mohammed Saad},
  journal={Journal of Economic Cooperation},
  volume={22},
  number={4},
  pages={1--22},
  year={2001}}
@article{al2012financial,
  title={Financial development and economic growth in the UAE: Empirical assessment using ARDL approach to co-integration},
  author={Al-Malkawi, Husam-Aldin N and Marashdeh, Hazem A and Abdullah, Naziruddin},
  journal={International Journal of Economics and Finance},
  volume={4},
  number={5},
  pages={105--115},
  year={2012}}
@article{nkoro2016autoregressive,
  title={Autoregressive Distributed Lag (ARDL) cointegration technique: application and interpretation},
  author={Nkoro, Emeka and Uko, Aham Kelvin and others},
  journal={Journal of Statistical and Econometric Methods},
  volume={5},
  number={4},
  pages={63--91},
  year={2016},
  publisher={SCIENPRESS Ltd}}
@article{lee2005trade,
  title={Trade liberalization and employment},
  journal={Trade liberalization journal},
  volume={6},
  number={3},
  pages={22-24},
  author={Lee, Eddy},
  year={2005},
  publisher={UN}}